@book{mxubo2016,
    author={徐波 and 杨大林 and 张磊},
    title={全电推进卫星轨道设计与控制},
    year={2016},
    publisher={科学出版社},
    pages={49-50},
}

@digital{olzhn2021,
    author={张航宁},
    title={模块式微分方程数值求解器框架simucpp},
    url={https://github.com/xd15zhn/simucpp},
    type={OL},
    date={2021},
}
